@misc{adams1995hitchhiker,
    author={Baxter, R. and Hastings, N. and Law, A. and Glass, EJ.},
    title={The Hitchhiker's Guide to the Galaxy},
    isbn={9781417642595},
    url={http://books.google.com/books?id=W-xMPgAACAAJ},
    year={2000},
    publisher={San Val}
}







@misc{objectRecognitionMachineTranslation,
    title={Object Recognition as Machine Translation Learning a Lexicon for a fixed Image Vocabulary},
    author={Baxter, R. and Hastings, N. and Law, A. and Glass, EJ.},
    year={2008}
}

@misc{objectRecognitionShapeMatching,
    title={ Shape matching and object recognition using shape contexts},
    author={Belongie, S. and Malik, J. and Puzicha, J.},
    url={https://apps.dtic.mil/docs/citations/ADA640016},
    year={2008}
}

@misc{technologyOpenCVQuote,
    title={Real-time computer vision with OpenCV},
    author={Pulli, K. and Baksheev, A. and Kornyakov, K. and Eruhimov, V.},
    url={http://dl.acm.org/citation.cfm?doid=2184319.2184337},
    year={2012}
}

@misc{technologyAwsQuote,
    title={About AWS},
    author={Amazon Web Services Inc.},
    url={https://aws.amazon.com/about-aws/},
    year={2018}
}

@misc{technologyDigitalOceanQuote,
    title={About DigitalOcean},
    author={Digital Ocean LLC.},
    url={https://www.digitalocean.com/about/},
    year={2018}
}

@misc{technologyOpeningTheFlask,
    title={Opening the Flask},
    author={Ronacher, A.},
    url={http://mitsuhiko.pocoo.org/flask-pycon-2011.pdf},
    year={2011}
}

@misc{technologyDjangoQuote,
    title={The Web framework for perfectionists with deadlines},
    author={Django Software Foundation.},
    url={https://www.djangoproject.com/},
    year={2005}
}

@misc{technologyMySQLQuote,
    title={About MySQL},
    author={Oracle Corporation.},
    url={https://www.mysql.com/about/},
    year={2018}
}

